<?xml version="1.0" encoding="UTF-8"?><record xmlns="http://www.loc.gov/MARC21/slim" xmlns:cinclude="http://apache.org/cocoon/include/1.0" xmlns:zs="http://www.loc.gov/zing/srw/">
  <leader>00761cz  a2200169n  4500</leader>
  <controlfield tag="001">no2004043851</controlfield>
  <controlfield tag="003">DLC</controlfield>
  <controlfield tag="005">20120815082956.0</controlfield>
  <controlfield tag="008">040507n| acannaabn          |a ana     c</controlfield>
  <datafield tag="010" ind1=" " ind2=" ">
    <subfield code="a">no2004043851</subfield>
  </datafield>
  <datafield tag="035" ind1=" " ind2=" ">
    <subfield code="a">(OCoLC)oca06341177</subfield>
  </datafield>
  <datafield tag="040" ind1=" " ind2=" ">
    <subfield code="a">HkUST</subfield>
    <subfield code="b">eng</subfield>
    <subfield code="c">HkUST</subfield>
    <subfield code="d">DLC</subfield>
  </datafield>
  <datafield tag="111" ind1="2" ind2=" ">
    <subfield code="a">Santa Mari패a Workshop on Chemistry</subfield>
  </datafield>
  <datafield tag="411" ind1="2" ind2=" ">
    <subfield code="a">SMWC</subfield>
  </datafield>
  <datafield tag="411" ind1="2" ind2=" ">
    <subfield code="a">Workshop on Chemistry, Santa Mari패a</subfield>
  </datafield>
  <datafield tag="667" ind1=" " ind2=" ">
    <subfield code="a">THIS 1XX FIELD CANNOT BE USED UNDER RDA UNTIL THIS RECORD HAS BEEN REVIEWED AND/OR UPDATED</subfield>
  </datafield>
  <datafield tag="670" ind1=" " ind2=" ">
    <subfield code="a">2nd Santa Mari패a Workshop on Chemistry devoted to bioinorganic chemistry, c2004:</subfield>
    <subfield code="b">t.p (held in Santa Mari패a del Mar, Havana, Cuba, 7-11 July 2003) pref. (next workshop, III SMWC, will take place on 12-15 July 2004 and be devoted to supramolecular chemistry)</subfield>
  </datafield>
</record>